% This file was created with JabRef 2.5.
% Encoding: Cp1252

@MISC{uml,
  author = {The Object Management Group (OMG)},
  title = {{Unified Modeling Language (UML)}},
  note = {version 2.2},
  owner = {Alaelson},
  timestamp = {2009.06.17}
}

@BOOK{Ahuja1993,
  title = {{Network Flows: Theory, Algorithms and Applications}},
  publisher = {Prentice-Hall},
  year = {1993},
  author = {R. K. Ahuja and T. L. Magnanti and J. B. Orlin},
  month = feb
}

@ARTICLE{Assis2002,
  author = {Karcius Day R. Assis and Hélio Waldman and A. Albert Gonçalves},
  title = {{Redes Ópticas Estáticas para o Tráfego IP}},
  journal = {Anais do X Simpósio Brasileiro de Microondas e Optoeletrônica},
  year = {2002},
  volume = {v. 1},
  pages = {p. 615-619},
  month = aug,
  note = {Recife, PE},
  owner = {Administrador},
  timestamp = {2007.10.24}
}

@ARTICLE{Awduche2001,
  author = {Awduche, D. and Rekhter, Y.},
  title = {{Multiprotocol Lambda Switching: Combining MPLS Traffic Engineering
	Control with Optical Crossconnects}},
  journal = {IEEE Communications Magazine},
  year = {2001},
  volume = {39},
  pages = {111-116},
  number = {3},
  month = mar,
  abstract = {This article describes an approach to the design of control planes
	for optical crossconnects which leverages existing control plane
	techniques developed for MPLS traffic engineering. The proposed approach
	combines recent advances in MPLS traffic engineering control plane
	constructs with OXC technology to provide a framework for real-time
	provisioning of optical channels, foster development and deployment
	of a new class of OXCs, and allow the use of uniform semantics for
	network management and operations control in hybrid networks consisting
	of OXCs and label switching routers. The proposed approach is particularly
	advantageous for OXCs intended for data-centric optical internetworking
	systems},
  doi = {10.1109/35.910598},
  issn = {0163-6804},
  keywords = {optical switches, protocols, telecommunication control, telecommunication
	network management, telecommunication network routing, telecommunication
	trafficMPLS traffic engineering control, control planes design, hybrid
	networks, label switching routers, multiprotocol lambda switching,
	network management, network operations control, optical channels,
	optical crossconnects, optical internetworking systems, real-time
	provisioning, uniform semantics},
  owner = {Alaelson},
  timestamp = {2009.03.20}
}

@ARTICLE{Banerjee2001a,
  author = {Banerjee, A. and Drake, J. and Lang, J.P. and Turner, B. and Kompella,
	K. and Rekhter, Y.},
  title = {{Generalized Multiprotocol Label Switching: An Overview of Routing
	and Management Enhancements}},
  journal = {IEEE Communications Magazine},
  year = {2001},
  volume = {39},
  pages = {144-150},
  number = {1},
  month = jan,
  doi = {10.1109/35.894389},
  issn = {0163-6804},
  keywords = {SONET, asynchronous transfer mode, packet switching, synchronous digital
	hierarchy, telecommunication network management, telecommunication
	network routing, transport protocols, wavelength division multiplexingATM,
	DWDM, GMPLS, GMPLS scalability, IP address assignment, ISIS Intradomain
	Routing Protocol, Internet routing protocol, Open Shortest Path First
	protocol, SONET/SDH, TDM, generalized interfaces, generalized multiprotocol
	label switching, label-switched path hierarchy, link bundling, link
	management protocol, multiprotocol lambda switching, packet switching,
	routing protocols, signaling protocols, space domain switching, synchronous
	digital hierarchy, synchronous optical network, time domain switching,
	time-division multiplexing, traffic engineering enhancements, wavelength
	domain switching},
  owner = {Alaelson},
  timestamp = {2008.08.14}
}

@ARTICLE{Banerjee2001,
  author = {Banerjee, A. and Drake, L. and Lang, L. and Turner, B. and Awduche,
	D. and Berger, L. and Kompella, K. and Rekhter, Y.},
  title = {{Generalized Multiprotocol Label Switching: An Overview of Signaling
	Enhancements and Recovery Techniques}},
  journal = {IEEE Communications Magazine},
  year = {2001},
  volume = {39},
  pages = {144-151},
  number = {7},
  month = jul,
  doi = {10.1109/35.933450},
  issn = {0163-6804},
  keywords = {packet switching, telecommunication network reliability, telecommunication
	network routing, telecommunication signalling, transport protocolsGMPLS,
	GMPLS restoration, Internet, LDP, MPLS protection, RSVP, bidirectional
	LSP setup, generalized multiprotocol label switching, hierarchical
	label switched path setup, multiprotocol lambda switching, multipurpose
	control plane paradigm, packet switching, recovery techniques, signaling
	enhancements, space-domain switching, time-domain switching, wavelength-domain
	switching},
  owner = {Alaelson},
  timestamp = {2008.08.14}
}

@BOOK{Bernstein2003,
  title = {{Optical Network Control: Architecture, Protocols, and Standards}},
  publisher = {Addison-Wesley},
  year = {2003},
  author = {Greg Bernstein and Bala Rajagopalan and Debanjan Saha},
  month = jul,
  owner = {Alaelson},
  timestamp = {2009.07.11}
}

@BOOK{Bondy1976,
  title = {{Graph Theory with Applications}},
  publisher = {MacMillan},
  year = {1976},
  author = {John A. Bondy and U.S. Rama Murty},
  owner = {Alaelson},
  timestamp = {2009.05.26}
}

@ARTICLE{nfsnet,
  author = {Charles E. Catlett},
  title = {{The {NFSNET}: Beginnings of a {National Research Internet}}},
  journal = {Academic Computing},
  year = {1989},
  volume = {3},
  pages = {19-21,59-64},
  number = {5},
  month = jan,
  abstract = {Supercomputing centers are the terminus points for a national networking
	system. They are both the brains that process the data and the crucial
	vertebrae comprising the backbone of this national computing anatomy.},
  acknowledgement = {#ack-nhfb#},
  bibdate = {Tue Jun 18 10:48:45 MDT 1996},
  bibsource = {UnCover library database},
  day = {1},
  issn = {0892-4694}
}

@ARTICLE{Comellas2003,
  author = {Comellas, J. and Martinez, R. and Prat, J. and Sales, V. and Junyent,
	G.},
  title = {Integrated IP/WDM routing in GMPLS-based optical networks},
  journal = {IEEE Network},
  year = {2003},
  volume = {17},
  pages = { 22-27},
  number = {2},
  month = apr,
  doi = {10.1109/MNET.2003.1188283},
  file = {:E\:\\Documents and Settings\\Alaelson\\Meus documentos\\Relatório Bolsa\\Artigos\\01188283.pdf:PDF},
  issn = {0890-8044},
  keywords = { multiprotocol label switching, optical fibre networks, routing protocols,
	telecommunication traffic, wavelength division multiplexing GMPLS,
	GMPLS-TE mechanisms, IP over optical network, IP traffic, constraints,
	deployment costs, dynamic occupancy, future transport networks, integrated
	IP/WDM routing, network architecture, network performance optimization,
	operating expenses, optical networks, peer model, transport networks},
  owner = {Alaelson},
  timestamp = {2008.08.14}
}

@ARTICLE{Dijkstra1967,
  author = {Dijkstra, Edsger W.},
  title = {"The Structure of the ``THE''-multiprogramming system"},
  year = {1967},
  pages = {10.1--10.6},
  address = {New York, NY, USA},
  booktitle = {SOSP '67: Proceedings of the first ACM symposium on Operating System
	Principles},
  doi = {http://doi.acm.org/10.1145/800001.811672},
  publisher = {ACM}
}

@BOOK{Farrel2006,
  title = {GMPLS Architecture and Applications},
  publisher = {Morgan Kaufmann},
  year = {2006},
  author = {Adrian Farrel and Igor Bryskin},
  owner = {Alaelson},
  timestamp = {2009.03.20}
}

@BOOK{gof1994,
  title = {Design Patterns. Elements of Reusable Object-Oriented Software},
  publisher = {Addison Wesley Professional Computing Series},
  year = {1994},
  author = {Erich Gamma and Richard Helm and Ralph Johnson and John Vlissides},
  isbn = {0-201-63361-2}
}

@ARTICLE{Gozdecki2003,
  author = {Gozdecki, J. and Jajszczyk, A. and Stankiewicz, R.},
  title = {{Quality of Service Terminology in IP Networks}},
  journal = {IEEE Communications Magazine},
  year = {2003},
  volume = {41},
  pages = { 153-159},
  number = {3},
  month = mar,
  doi = {10.1109/MCOM.2003.1186560},
  issn = {0163-6804},
  keywords = { Internet, quality of service, telecommunication traffic, transport
	protocols DiffServ, ETSI, IETF, IP networks, ITU, IntServ, Internet,
	QoS architectures, QoS definition, QoS terminology, SLS, TCA, TCS,
	class of service, grade of service, quality of service, quality of
	service assurance, service level agreement, service level specification,
	service providers, traffic conditioning agreement, traffic conditioning
	specification}
}

@BOOK{LeBoudec2001,
  title = {Network {C}alculus},
  publisher = {Springer Verlag},
  year = {2001},
  author = {Le Boudec, Jean-Yves and Thiran, Patrick},
  series = {Lecture Notes in Computer Science (LNCS)},
  abstract = {Network Calculus is a collection of results based on Min-Plus algebra,
	which applies to deterministic queuing systems found in communication
	networks. It can be used for example to understand - the computations
	for delays used in the IETF guaranteed service - why re-shaping delays
	can be ignored in shapers or spacer-controllers - a common model
	for schedulers - deterministic effective bandwidth and much more.},
  details = {http://infoscience.epfl.ch/record/282},
  documenturl = {http://infoscience.epfl.ch/getfile.py?recid=282&mode=best},
  keywords = {Network Calculus},
  oai-id = {oai:infoscience.epfl.ch:282},
  oai-set = {book; fulltext; fulltext-public},
  owner = {Alaelson},
  status = {PUBLISHED},
  timestamp = {2009.05.27},
  unit = {LCA}
}

@ARTICLE{Lehman2006,
  author = {Thomas Lehman and Jerry Sobieski and Bijan Jabbari},
  title = {DRAGON: A Framework for Service Provisioning in Heterogeneous Grid
	Networks},
  journal = {IEEE Communications Magazine},
  year = {2006},
  volume = {44},
  number = {3},
  month = mar,
  owner = {Alaelson},
  timestamp = {2008.08.07}
}

@ARTICLE{Mambretti2006,
  author = {Joe Mambretti and David Lillethun and John Lange and Jeremy Weinberger},
  title = {Optical Dynamic Intelligent Network Services (ODIN): An Experimental
	Control-Plane Architecture for High-Performance Distributed Environments
	Based on Dynamic Lightpath Provisioning},
  journal = {IEEE Communications Magazine},
  year = {2006},
  volume = {44},
  number = {3},
  month = mar,
  owner = {Alaelson},
  timestamp = {2008.08.07}
}

@ARTICLE{Martin2005,
  author = {O. Martin and J.P. Martin-Flatin and E. Martelli and P. Moroni and
	H. Newman and S. Ravot and D. Nae},
  title = {High-Speed networks and Services for Data Intensive Grids: the DataTAG
	Project},
  journal = {Future Generation Computer Systems},
  year = {2005},
  volume = {21},
  pages = {443-456},
  number = {4},
  month = apr,
  owner = {Alaelson},
  timestamp = {2008.08.07}
}

@ARTICLE{Nayak2003,
  author = {Nayak, T.K. and Sivarajan, K.N.},
  title = {{Dimensioning Optical Networks under Traffic Growth Models}},
  journal = {IEEE/ACM Transactions on Networking},
  year = {2003},
  volume = {11},
  pages = {935-947},
  number = {6},
  month = dec,
  doi = {10.1109/TNET.2003.820429},
  issn = {1063-6692},
  keywords = { Internet, minimisation, optical fibre networks, telecommunication
	traffic, time-varying systems, wavelength division multiplexing capacity
	allocation, capacity exhaustion probability, network dimensioning
	method, nonlinear optimization problem, optical network, stochastic
	modeling, traffic growth model, wavelength division multiplexing}
}

@INPROCEEDINGS{Newman2006,
  author = {H. Newman and J. Bunn and D. Bourilkov and R. Cavanaugh and I. Legrand
	and S. Low and S. McKee and D. Nae and S. Ravot and C. Steenberg
	and X. Su and M. Thomas and F. van Lingen and Y. Xia},
  title = {The Motivation, Architecture and Demonstration of the UltraLight
	Network Testbed},
  booktitle = {CESNET},
  year = {2006},
  address = {Prague, Czech Republic},
  month = mar,
  owner = {Alaelson},
  timestamp = {2008.08.07}
}

@MISC{Papadimitriou2006,
  author = {D. Papadimitriou},
  title = {Generalized Multi-Protocol Label Switching (GMPLS)-- Signaling Extensions
	for G.709 Optical Transport Networks Control},
  howpublished = {IETF RFC 4328},
  month = jan,
  year = {2006},
  owner = {Alaelson},
  timestamp = {2008.08.07}
}

@ARTICLE{Pasqualini2005,
  author = {Pasqualini, S. and Kirstadter, A. and Iselt, A. and Chahine, R. and
	Verbrugge, S. and Colle, D. and Pickavet, M. and Demeester, P.},
  title = {{Influence of GMPLS on Network Providers' Operational Expenditures:
	A Quantitative Study}},
  journal = {IEEE Communications Magazine},
  year = {2005},
  volume = {43},
  pages = { 28-38},
  number = {7},
  month = jul,
  doi = {10.1109/MCOM.2005.1470804},
  issn = {0163-6804},
  keywords = { multiprotocol label switching, telecommunication network management
	GMPLS, network operation automation, network provider, operational
	expenditure, quantitative evaluation}
}

@ARTICLE{Pavani2006,
  author = {Pavani, G.S. and Waldman, H.},
  title = {Grid Resource Management by means of Ant Colony Optimization},
  journal = {Broadband Communications, Networks and Systems, 2006. BROADNETS 2006.
	3rd International Conference on},
  year = {2006},
  pages = {1-9},
  month = oct,
  doi = {10.1109/BROADNETS.2006.4374427},
  file = {:E\:\\Documents and Settings\\Alaelson\\Meus documentos\\Relatório Bolsa\\Artigos\\04374427.pdf:PDF},
  keywords = {grid computing, optical fibre networks, telecommunication network
	managementACO-based algorithm, GMPLS control plane, ant colony optimization,
	grid resource network management, job scheduling, optical network,
	resource monitoring},
  owner = {Alaelson},
  timestamp = {2008.08.14}
}

@INPROCEEDINGS{Pavani2006a,
  author = {G. S. Pavani and H. Waldman},
  title = {{Evaluation of Ant-Based Architecture for All-Optical Networks}},
  booktitle = {10th Conference on Optical Network Design and Modelling (ONDM'06)},
  year = {2006},
  address = {Copenhagen},
  publisher = {Proceedings of 10th Conference on Optical Network Design and Modelling},
  owner = {Alaelson},
  timestamp = {2009.06.18}
}

@ARTICLE{Pavani2008,
  author = {Pavani, Gustavo Sousa and Zuliani, Luiz Gustavo and Waldman, Helio
	and Magalhães, Mauricio},
  title = {Distributed approaches for impairment-aware routing and wavelength
	assignment algorithms in GMPLS networks},
  journal = {Computer Networks},
  year = {2008},
  volume = {52},
  pages = {1905--1915},
  number = {10},
  month = jul,
  booktitle = {Challenges and Opportunities in Advanced Optical Networking},
  file = {:E\:\\Documents and Settings\\Alaelson\\Meus documentos\\Relatório Bolsa\\Artigos\\sdarticle.pdf:PDF},
  keywords = {Transparent Optical Network, ASE noise, GMPLS, OSPF-TE, Ant Colony
	Optimization},
  owner = {Alaelson},
  timestamp = {2008.07.28},
  url = {http://www.sciencedirect.com/science/article/B6VRG-4S21TVC-2/1/340542aa45d865e37ac0716e212806f4}
}

@MISC{rawsocket,
  author = {Savarese Software Research},
  title = {{RockSaw Raw Socket Library}},
  howpublished = {RawSocket API},
  note = {Último acesso em julho de 2009},
  owner = {Alaelson},
  timestamp = {2009.05.12},
  url = {http://www.savarese.org/software/rocksaw/}
}

@MISC{vserv,
  author = {Savarese Software Research},
  title = {{Virtual Services TCP/IP}},
  howpublished = {Vserv TCP/IP API},
  note = {Último acesso em julho de 2009},
  owner = {Alaelson},
  timestamp = {2009.05.12},
  url = {http://www.savarese.org/software/vserv-tcpip/}
}

@ARTICLE{Rico2003,
  author = {Rico,, Nathalie and Cherkaoui,, Omar and Elbiaze,, Halima},
  title = {A policy management framework for GMPLS optical networks},
  year = {2003},
  pages = {213--224},
  address = {Norwell, MA, USA},
  book = {Network control and engineering for Qos, security and mobility II},
  isbn = {1-4020-7616-9},
  publisher = {Kluwer Academic Publishers}
}

@TECHREPORT{expo2006,
  author = {Roberto Gendron, Amato Gidaro},
  title = {{The G.709 Optical Transport Network - An Overview}},
  institution = {Innocor Ltd},
  year = {2006},
  address = {Almonte, ON, Canadá},
  month = oct,
  note = {Último acesso em fevereiro de 2010},
  owner = {Alaelson},
  timestamp = {2010.02.18},
  url = {http://documents.exfo.com/appnotes/anote153-ang.pdf}
}

@BOOK{Robinson2004,
  title = {Simulation: The Practice of Model Development and Use},
  publisher = {John Wiley \& Sons},
  year = {2004},
  author = {Robinson, Stewart},
  isbn = {0470847727}
}

@MISC{Swallow2005,
  author = {G. Swallow and J. Drake and H. Ishimatsu and Y. Rekhter},
  title = {Generalize Multiprotocol Label Switching (GMPLS) User-Network Interface
	(UNI): Resource ReserVation Protocol-Traffic Engineering (RSVP-TE)
	Support for the Overlay Model},
  howpublished = {IETF RFC 4208},
  month = oct,
  year = {2005},
  owner = {Alaelson},
  timestamp = {2008.08.07}
}

@ARTICLE{Thompson1997,
  author = {Thompson, K. and Miller, G.J. and Wilder, R.},
  title = {Wide-Area Internet Traffic Patterns and Characteristics},
  journal = {IEEE Network},
  year = {1997},
  volume = {11},
  pages = {10-23},
  number = {6},
  month = dec,
  doi = {10.1109/65.642356},
  issn = {0890-8044},
  keywords = {Internet, monitoring, telecommunication network management, telecommunication
	trafficInternet backbone traffic usage, NSF-sponsored vBNS, OC-3
	trunks, flow duration, flow volume, high-performance low-cost monitoring
	system, network usage, packet sizes, percentage composition, protocol,
	topological complexity, wide-area Internet traffic patterns, workloads}
}

@MISC{Veeraraghavan,
  author = {M. Veeraraghavan and X. Zheng and X. Zhu},
  title = {Addressing and secure control-plane network design in GMPLS networks},
  owner = {Alaelson},
  timestamp = {2008.08.07},
  url = {http://cheetah.cs.virginia.edu/documents/dcn/dcn-design.pdf}
}

@ARTICLE{Wang2005,
  author = {H. Wang and M. Veeraraghavan and R. Karri and T. Li},
  title = {Design of a High-Performance {RSVP-TE} Signaling Hardware Accelerator},
  journal = {IEEE JSAC},
  year = {2005},
  volume = {23},
  pages = {1588-1595},
  number = {8},
  month = aug,
  owner = {Alaelson},
  timestamp = {2008.08.07}
}

@ARTICLE{Yang1997,
  author = {Yang, Shin Jer},
  title = {{Performance Evaluation of Routing Algorithms under Various Network
	Configuration Parameters}},
  journal = {International Journal of Network Management},
  year = {1997},
  volume = {7},
  pages = {183--197},
  number = {4},
  owner = {Alaelson},
  timestamp = {2009.04.30},
  url = {http://dx.doi.org/10.1002/(SICI)1099-1190(199707/08)7:4<183::AID-NEM251>3.0.CO;2-2}
}

@INPROCEEDINGS{Yang2006,
  author = {Xi Yang and Tom Lehman and Jerry Sobieski},
  title = {GMPLS-Based Dynamic Provisioning and Traffic Engineering of High-Capacity
	Ethernet Circuits in Hybrid Optical/Packet Networks},
  booktitle = {High Speed Networking, The Terabits Challenge Workshop at INFOCOMM
	2006},
  year = {2006},
  address = {Barcelona, Spain},
  month = apr,
  owner = {Alaelson},
  timestamp = {2008.08.07}
}

@ARTICLE{Zhang1993,
  author = {Zhang, L. and Deering, S. and Estrin, D. and Shenker, S. and Zappala,
	D.},
  title = {RSVP: a new resource ReSerVation Protocol},
  journal = {IEEE Network},
  year = {1993},
  volume = {7},
  pages = {8-18},
  number = {5},
  month = sep,
  abstract = {A resource reservation protocol (RSVP), a flexible and scalable receiver-oriented
	simplex protocol, is described. RSVP provides receiver-initiated
	reservations to accommodate heterogeneity among receivers as well
	as dynamic membership changes; separates the filters from the reservation,
	thus allowing channel changing behavior; supports a dynamic and robust
	multipoint-to-multipoint communication model by taking a soft-state
	approach in maintaining resource reservations; and decouples the
	reservation and routing functions. A simple network configuration
	with five hosts connected by seven point-to-point links and three
	switches is presented to illustrate how RSVP works. Related work
	and unresolved issues are discussed},
  doi = {10.1109/65.238150},
  issn = {0890-8044},
  keywords = {packet switching, protocols, telecommunication network routingRSVP,
	channel changing behavior, dynamic membership changes, heterogeneity,
	multicast routing, multipoint-to-multipoint communication model,
	point-to-point links, receiver-initiated reservations, resource reservation
	protocol, scalable receiver-oriented simplex protocol, soft-state
	approach}
}

@INPROCEEDINGS{Zhu2006a,
  author = {Xiangfei Zhu and Xuan Zheng and Malathi Veeraraghavan and Zhaoming
	Li and Qiang Song and Ibrahim Habib and Nageswara S. V. Rao},
  title = {Implementation of a GMPLS-based network with end host initiated signaling},
  booktitle = {Proc. of IEEE ICC 2006},
  year = {2006},
  address = {Istanbul, Turkey},
  month = jun,
  owner = {Alaelson},
  timestamp = {2008.08.07}
}

@ARTICLE{Zuliani2006,
  author = {Zuliani, L.G. and Savasini, M. and Pavani, G.S. and Pasquini, R.
	and Verdi, F.L. and Magalhaes, M.},
  title = {An implementation of an OSPF-TE to support GMPLS-controlled all-optical
	WDM networks},
  journal = {Telecommunications Symposium, 2006 International},
  year = {2006},
  pages = {300-305},
  month = sep,
  doi = {10.1109/ITS.2006.4433288},
  file = {:E\:\\Documents and Settings\\Alaelson\\Meus documentos\\Relatório Bolsa\\Artigos\\04433288.pdf:PDF},
  keywords = {IP networks, multiprotocol label switching, optical fibre networks,
	probability, routing protocols, signalling protocols, telecommunication
	traffic, wavelength assignment, wavelength division multiplexingGMPLS-controlled
	all-optical WDM network, IP traffic, OSPF protocol, RWA algorithm,
	generalized multiprotocol label switching, open shortest path first,
	optical topology, probability, routing protocol, signaling protocol,
	wavelength assignment, wavelength division multiplexing},
  owner = {Alaelson},
  timestamp = {2008.08.14}
}

@MISC{ianaProtocolNumber,
  title = {{Assigned Internet Protocol Numbers}},
  note = {Último acesso em março de 2011},
  comment = {(last updated 2009-04-16)},
  owner = {Alaelson},
  timestamp = {2009.05.08},
  url = {http://www.iana.org/assignments/protocol-numbers/}
}

@MISC{ianaRSVP,
  title = {{Resource Reservation Protocol (RSVP) Parameters}},
  note = {Último acesso em março de 2011},
  comment = {(last updated 2009-04-16)},
  owner = {Alaelson},
  timestamp = {2009.05.08},
  url = {http://www.iana.org/assignments/rsvp-parameters}
}

@MISC{nttnet,
  title = {{Nippon Telegraph and Telephone Network}},
  note = {Último acesso em julho de 2009},
  owner = {Alaelson},
  timestamp = {2009.06.18},
  url = {http://www.ntt.com/}
}

@MISC{rxtx,
  title = {{RxTx}},
  note = {Último acesso em julho de 2009},
  owner = {Alaelson},
  timestamp = {2009.05.12},
  url = {http://users.frii.com/jarvi/rxtx/download.html}
}

@MISC{wireshark,
  title = {{Wireshark Software}},
  note = {Último acesso em julho de 2009},
  owner = {Alaelson},
  timestamp = {2009.06.18},
  url = {http://www.wireshark.org/}
}

@TECHREPORT{Agilent2001,
  title = {{An overview of ITU-T G.709}},
  institution = {Agilent Tecnologies},
  year = {2001},
  address = {USA},
  month = set,
  owner = {alaelson},
  timestamp = {2010.02.18},
  url = {http://cp.literature.agilent.com/litweb/pdf/5988-3655EN.pdf}
}

@MISC{nsfsite,
  title = {{National Science Foundation Network}},
  year = {1985},
  note = {Último acesso em julho de 2009},
  owner = {Alaelson},
  timestamp = {2009.06.10},
  url = {http://www.nsfnet-legacy.org/about.php}
}

@comment{jabref-meta: selector_publisher:}

@comment{jabref-meta: selector_author:}

@comment{jabref-meta: selector_journal:}

@comment{jabref-meta: selector_keywords:}

